@article{aitchison1982statistical,
  title={The statistical analysis of compositional data},
  author={Aitchison, John},
  journal={Journal of the Royal Statistical Society: Series B (Methodological)},
  volume={44},
  number={2},
  pages={139--160},
  year={1982}
}

@article{byrne2013geodesic,
  title={Geodesic {M}onte {C}arlo on embedded manifolds},
  author={Byrne, Simon and Girolami, Mark},
  journal={Scandinavian Journal of Statistics},
  volume={40},
  number={4},
  pages={825--845},
  year={2013}
}

@incollection{neal2011mcmc,
  title={{MCMC} using {H}amiltonian dynamics},
  chapter={5},
  author={Neal, Radford},
  booktitle={Handbook of Markov Chain Monte Carlo},
  editor = {Steve Brooks and Andrew Gelman and Galin Jones and  and Xiao-Li Meng},
  year={2011},
  publisher={Chapman and Hall/CRC}
}

@article{neal2008optimal,
  title={Optimal scaling for random walk {M}etropolis on spherically constrained target densities},
  author={Neal, Peter and Roberts, Gareth},
  journal={Methodology and Computing in Applied Probability},
  volume={10},
  number={2},
  pages={277--297},
  year={2008}
}