@article{neal2008optimal,
  title={Optimal scaling for random walk Metropolis on spherically constrained target densities},
  author={Neal, Peter and Roberts, Gareth},
  journal={Methodology and Computing in Applied Probability},
  volume={10},
  number={2},
  pages={277--297},
  year={2008},
  publisher={Springer}
}